<record><leader>00000cas a2200000Ia 4500</leader><controlfield tag="001">27361228</controlfield><controlfield tag="008">930202d19151949ohuwr nea     0   a0eng d</controlfield><datafield ind1=" " ind2=" " tag="010"><subfield code="a">sn 89075140 </subfield></datafield><datafield ind1=" " ind2=" " tag="040"><subfield code="a">BGU</subfield><subfield code="b">eng</subfield><subfield code="c">BGU</subfield><subfield code="d">OCL</subfield><subfield code="d">OCLCQ</subfield></datafield><datafield ind1=" " ind2=" " tag="043"><subfield code="a">n-us-oh</subfield></datafield><datafield ind1="0" ind2=" " tag="130"><subfield code="a">Tri-county news (Grand Rapids, Ohio)</subfield></datafield><datafield ind1="1" ind2="4" tag="245"><subfield code="a">The Tri-county news</subfield><subfield code="h">[microform].</subfield></datafield><datafield ind1=" " ind2=" " tag="260"><subfield code="a">Grand Rapids, Ohio :</subfield><subfield code="b">Coward,</subfield><subfield code="c">1915-1949.</subfield></datafield><datafield ind1=" " ind2=" " tag="300"><subfield code="a">v. :</subfield><subfield code="b">ill. ;</subfield><subfield code="c">56 cm.</subfield></datafield><datafield ind1="1" ind2=" " tag="362"><subfield code="a">Began in 1915; ceased in 1949.</subfield></datafield><datafield ind1=" " ind2=" " tag="533"><subfield code="a">Microfilm .</subfield><subfield code="m">Vol. 18, no. 12 (Nov. 18, 1915)-v. 51, no. 22 (Dec. 23, 1948).</subfield><subfield code="b">Bowling Green, Ohio :</subfield><subfield code="c">Center for Archival Collections,</subfield><subfield code="d">1992.</subfield><subfield code="e">11 microfilm reels ; 35 mm.</subfield></datafield><datafield ind1=" " ind2=" " tag="539"><subfield code="a">d</subfield><subfield code="b">1915</subfield><subfield code="c">1948</subfield><subfield code="d">ohu</subfield><subfield code="e">u</subfield><subfield code="f">u</subfield><subfield code="g">a</subfield></datafield><datafield ind1=" " ind2="0" tag="650"><subfield code="a">American newspapers</subfield><subfield code="z">Ohio</subfield><subfield code="z">Grand Rapids.</subfield></datafield><datafield ind1=" " ind2=" " tag="752"><subfield code="a">United States</subfield><subfield code="b">Ohio</subfield><subfield code="c">Wood</subfield><subfield code="d">Grand Rapids.</subfield></datafield><datafield ind1="0" ind2="0" tag="780"><subfield code="t">Tri-county bulletin</subfield><subfield code="w">(DLC)sn 87076839</subfield></datafield><datafield ind1="0" ind2="7" tag="785"><subfield code="t">Wood County herald</subfield></datafield><datafield ind1="0" ind2="7" tag="785"><subfield code="t">Tri-county herald news</subfield></datafield></record>